%% This BibTeX bibliography file was created using BibDesk.
%% http://bibdesk.sourceforge.net/


%% Created for THOMPSON, KYLE B. (LARC-D305) at 2015-04-29 10:41:05 -0400 


%% Saved with string encoding Unicode (UTF-8) 



@article{Shuen,
	Author = {Jian-Shun Shuen and Meng-Sing Liou and Bram Van Leer},
	Date-Added = {2015-04-29 14:40:51 +0000},
	Date-Modified = {2015-04-29 14:41:05 +0000},
	Doi = {http://dx.doi.org/10.1016/0021-9991(90)90172-W},
	Issn = {0021-9991},
	Journal = {Journal of Computational Physics},
	Number = {2},
	Pages = {371 - 395},
	Title = {Inviscid flux-splitting algorithms for real gases with non-equilibrium chemistry},
	Url = {http://www.sciencedirect.com/science/article/pii/002199919090172W},
	Volume = {90},
	Year = {1990},
	Bdsk-Url-1 = {http://www.sciencedirect.com/science/article/pii/002199919090172W},
	Bdsk-Url-2 = {http://dx.doi.org/10.1016/0021-9991(90)90172-W}}

@manual{Nishikawa,
	Author = {Hiroaki Nishikawa},
	Date-Added = {2015-04-29 14:26:26 +0000},
	Date-Modified = {2015-04-29 14:37:01 +0000},
	Lastchecked = {November 2011},
	Month = {April},
	Title = {Implementing a Real-Gas Roe Solver into Implementing a Real-Gas Roe Solver into CFL3D},
	Urldate = {http://www.cfdnotes.com/cfdnotes_realgas_cfl3d.pdf},
	Year = {2004}}

@proceedings{valgrind,
	Address = {San Diego, CA},
	Date-Added = {2015-04-27 17:39:12 +0000},
	Date-Modified = {2015-04-27 17:41:32 +0000},
	Month = {June},
	Organization = {ACM SIGPLAN 2007 Conference on Programing Language Design and Implementation},
	Title = {How to Shadow Every Byte of Memory Used by a Program},
	Year = {2007}}

@book{George,
	Author = {George, Alan and Liu, Joseph W.},
	Date-Added = {2015-04-27 15:06:46 +0000},
	Date-Modified = {2015-04-27 15:07:00 +0000},
	Isbn = {0131652745},
	Publisher = {Prentice Hall Professional Technical Reference},
	Title = {Computer Solution of Large Sparse Positive Definite},
	Year = {1981}}

@techreport{gnoffo-tp,
	Author = {Peter A. Gnoffo Roop N. Gupta and Judy L. Shinn},
	Date-Added = {2015-04-23 19:30:01 +0000},
	Date-Modified = {2015-04-27 12:41:16 +0000},
	Institution = {NASA},
	Number = {2867},
	Title = {Conservation Equations and Physical Models for Hypersonic Air Flows in Thermal and Chemical Nonequilibrium},
	Type = {Tehnical Paper},
	Year = {1989}}

@article{MacCormack,
	Author = {Robert W. MacCormack and Graham V. Candler},
	Date-Added = {2015-04-23 18:00:48 +0000},
	Date-Modified = {2015-04-23 18:10:02 +0000},
	Doi = {http://dx.doi.org/10.1016/0045-7930(89)90012-1},
	Issn = {0045-7930},
	Journal = {Computers and Fluids},
	Number = {1},
	Pages = {135 - 150},
	Title = {The solution of the Navier-Stokes equations using Gauss-Seidel line relaxation},
	Url = {http://www.sciencedirect.com/science/article/pii/0045793089900121},
	Volume = {17},
	Year = {1989},
	Bdsk-Url-1 = {http://www.sciencedirect.com/science/article/pii/0045793089900121},
	Bdsk-Url-2 = {http://dx.doi.org/10.1016/0045-7930(89)90012-1}}

@article{candler,
	Annote = {doi: 10.2514/1.J052070},
	Author = {Candler, Graham V. and Subbareddy, Pramod K. and Nompelis, Ioannis},
	Booktitle = {AIAA Journal},
	Da = {2013/05/01},
	Date = {2013/02/25},
	Date-Added = {2015-04-23 17:28:18 +0000},
	Date-Modified = {2015-04-23 17:42:23 +0000},
	Doi = {10.2514/1.J052070},
	Isbn = {0001-1452},
	Journal = {AIAA Journal},
	Journal1 = {AIAA Journal},
	M3 = {doi: 10.2514/1.J052070},
	Month = {2015/04/23},
	Number = {5},
	Pages = {1245--1254},
	Publisher = {American Institute of Aeronautics and Astronautics},
	Title = {Decoupled Implicit Method for Aerothermodynamics and Reacting Flows},
	Ty = {JOUR},
	Url = {http://dx.doi.org/10.2514/1.J052070},
	Volume = {51},
	Year = {2013},
	Year1 = {2013},
	Bdsk-Url-1 = {http://dx.doi.org/10.2514/1.J052070},
	Bdsk-Url-2 = {http://dx.doi.org/10.1016/0045-7930(89)90012-1}}
