%% This BibTeX bibliography file was created using BibDesk.
%% http://bibdesk.sourceforge.net/


%% Created for THOMPSON, KYLE B. (LARC-D305) at 2015-11-12 13:41:01 -0500 


%% Saved with string encoding Unicode (UTF-8) 



@inbook{park,
	Annote = {doi:10.2514/6.1987-1574},
	Author = {Chul Park},
	Booktitle = {22nd Thermophysics Conference},
	Date-Added = {2015-10-23 13:00:07 +0000},
	Date-Modified = {2015-11-12 18:40:59 +0000},
	Doi = {doi:10.2514/6.1987-1574},
	M1 = {0},
	M3 = {doi:10.2514/6.1987-1574},
	Month = {2015/10/23},
	Publisher = {American Institute of Aeronautics and Astronautics},
	Title = {Assessment of two-temperature kinetic model for ionizing air},
	Title1 = {Fluid Dynamics and Co-located Conferences},
	Ty = {CHAP},
	Year = {1987},
	Year1 = {1987/06/08},
	Bdsk-Url-1 = {http://dx.doi.org/10.2514/6.1987-1574}}

@inbook{red-black,
	Author = {Saad, Y.},
	Date-Added = {2015-10-21 12:54:30 +0000},
	Date-Modified = {2015-10-21 14:02:25 +0000},
	Pages = {391-392},
	Publisher = {Society for Industrial and Applied Mathematics},
	Title = {Iterative Methods for Sparse Linear Systems},
	Year = {2003}}

@inbook{Fischer,
	Annote = {doi:10.2514/6.2015-3049},
	Author = {Paul F. Fischer},
	Booktitle = {22nd AIAA Computational Fluid Dynamics Conference},
	Date-Added = {2015-10-21 12:37:05 +0000},
	Date-Modified = {2015-10-21 12:44:29 +0000},
	Doi = {doi:10.2514/6.2015-3049},
	M1 = {0},
	M3 = {doi:10.2514/6.2015-3049},
	Month = {2015/10/21},
	Publisher = {American Institute of Aeronautics and Astronautics},
	Title = {Scaling Limits for PDE-Based Simulation (Invited)},
	Title1 = {AIAA Aviation},
	Ty = {CHAP},
	Year = {2015},
	Year1 = {2015/06/18},
	Bdsk-Url-1 = {http://dx.doi.org/10.2514/6.2015-3049}}

@article{harten,
	Author = {Ami Harten},
	Date-Added = {2015-10-07 14:26:30 +0000},
	Date-Modified = {2015-11-12 18:37:20 +0000},
	Doi = {http://dx.doi.org/10.1016/0021-9991(83)90136-5},
	Issn = {0021-9991},
	Journal = {Journal of Computational Physics},
	Number = {3},
	Pages = {357-393},
	Title = {High resolution schemes for hyperbolic conservation laws},
	Volume = {49},
	Year = {1983},
	Bdsk-Url-1 = {http://www.sciencedirect.com/science/article/pii/0021999183901365},
	Bdsk-Url-2 = {http://dx.doi.org/10.1016/0021-9991(83)90136-5}}

@conference{adaptation,
	Annote = {doi:10.2514/6.2010-4372},
	Author = {Robert Bartels and Veer Vatsa and Jan-Renee Carlson and Raymond Mineck},
	Booktitle = {28th AIAA Applied Aerodynamics Conference},
	Date-Added = {2015-10-06 18:29:41 +0000},
	Date-Modified = {2015-10-16 13:17:44 +0000},
	Doi = {doi:10.2514/6.2010-4372},
	M1 = {0},
	M3 = {doi:10.2514/6.2010-4372},
	Month = {2015/10/06},
	Publisher = {AIAA},
	Title = {FUN3D Grid Refinement and Adaptation Studies for the Ares Launch Vehicle},
	Title1 = {Fluid Dynamics and Co-located Conferences},
	Ty = {CHAP},
	Year = {2010},
	Year1 = {2010/06/28},
	Bdsk-Url-1 = {http://dx.doi.org/10.2514/6.2010-4372}}

@article{roe,
	Author = {P.L Roe},
	Date-Added = {2015-10-06 17:59:03 +0000},
	Date-Modified = {2015-10-16 13:14:06 +0000},
	Doi = {http://dx.doi.org/10.1016/0021-9991(81)90128-5},
	Issn = {0021-9991},
	Journal = {Journal of Computational Physics},
	Number = {2},
	Pages = {357 - 372},
	Title = {Approximate Riemann solvers, parameter vectors, and difference schemes},
	Volume = {43},
	Year = {1981},
	Bdsk-Url-1 = {http://www.sciencedirect.com/science/article/pii/0021999181901285},
	Bdsk-Url-2 = {http://dx.doi.org/10.1016/0021-9991(81)90128-5}}

@article{FUN3D,
	Author = {Anderson, W. K. and Bonhaus, D. L.},
	Date-Added = {2015-05-01 13:14:25 +0000},
	Date-Modified = {2015-05-01 13:15:37 +0000},
	Journal = {Computers and Fluids},
	Number = {1},
	Pages = {1-22},
	Title = {``An Implicit Upwind Algorithm for Computing Turbulent Flows on Unstructured Grids''},
	Volume = {23},
	Year = {1994}}

@article{Shuen,
	Author = {Jian-Shun Shuen and Meng-Sing Liou and Bram Van Leer},
	Date-Added = {2015-04-29 14:40:51 +0000},
	Date-Modified = {2015-11-12 18:37:07 +0000},
	Doi = {http://dx.doi.org/10.1016/0021-9991(90)90172-W},
	Issn = {0021-9991},
	Journal = {Journal of Computational Physics},
	Number = {2},
	Pages = {371-395},
	Title = {Inviscid flux-splitting algorithms for real gases with non-equilibrium chemistry},
	Volume = {90},
	Year = {1990},
	Bdsk-Url-1 = {http://www.sciencedirect.com/science/article/pii/002199919090172W},
	Bdsk-Url-2 = {http://dx.doi.org/10.1016/0021-9991(90)90172-W}}

@webpage{Nishikawa,
	Author = {Hiroaki Nishikawa},
	Date-Added = {2015-04-29 14:26:26 +0000},
	Date-Modified = {2015-10-16 13:28:32 +0000},
	Lastchecked = {November 2015},
	Month = {April},
	Title = {Implementing a Real-Gas Roe Solver into Implementing a Real-Gas Roe Solver into CFL3D},
	Url = {http://www.cfdnotes.com},
	Year = {2004},
	Bdsk-Url-1 = {http://www.cfdnotes.com}}

@proceedings{valgrind,
	Address = {San Diego, CA},
	Date-Added = {2015-04-27 17:39:12 +0000},
	Date-Modified = {2015-04-27 17:41:32 +0000},
	Month = {June},
	Organization = {ACM SIGPLAN 2007 Conference on Programing Language Design and Implementation},
	Title = {How to Shadow Every Byte of Memory Used by a Program},
	Year = {2007}}

@book{George,
	Author = {George, Alan and Liu, Joseph W.},
	Date-Added = {2015-04-27 15:06:46 +0000},
	Date-Modified = {2015-04-27 15:07:00 +0000},
	Isbn = {0131652745},
	Publisher = {Prentice Hall Professional Technical Reference},
	Title = {Computer Solution of Large Sparse Positive Definite},
	Year = {1981}}

@techreport{gnoffo-tp,
	Author = {Gnoffo, P. A.; Gupta, R. N.; and Shinn, J. L.},
	Date-Added = {2015-04-23 19:30:01 +0000},
	Date-Modified = {2015-10-16 13:11:39 +0000},
	Institution = {NASA},
	Number = {2867},
	Title = {Conservation Equations and Physical Models for Hypersonic Air Flows in Thermal and Chemical Nonequilibrium},
	Type = {Tehnical Paper},
	Year = {1989}}

@article{MacCormack,
	Author = {Robert W. MacCormack and Graham V. Candler},
	Date-Added = {2015-04-23 18:00:48 +0000},
	Date-Modified = {2015-11-12 18:36:06 +0000},
	Doi = {http://dx.doi.org/10.1016/0045-7930(89)90012-1},
	Issn = {0045-7930},
	Journal = {Computers and Fluids},
	Number = {1},
	Pages = {135-150},
	Title = {The solution of the Navier-Stokes equations using Gauss-Seidel line relaxation},
	Volume = {17},
	Year = {1989},
	Bdsk-Url-1 = {http://www.sciencedirect.com/science/article/pii/0045793089900121},
	Bdsk-Url-2 = {http://dx.doi.org/10.1016/0045-7930(89)90012-1}}

@article{candler,
	Annote = {doi: 10.2514/1.J052070},
	Author = {Candler, Graham V. and Subbareddy, Pramod K. and Nompelis, Ioannis},
	Booktitle = {AIAA Journal},
	Da = {2013/05/01},
	Date = {2013/02/25},
	Date-Added = {2015-04-23 17:28:18 +0000},
	Date-Modified = {2015-10-16 13:13:15 +0000},
	Doi = {10.2514/1.J052070},
	Isbn = {0001-1452},
	Journal = {AIAA Journal},
	Journal1 = {AIAA Journal},
	M3 = {doi: 10.2514/1.J052070},
	Month = {2015/04/23},
	Number = {5},
	Pages = {1245--1254},
	Publisher = {American Institute of Aeronautics and Astronautics},
	Title = {Decoupled Implicit Method for Aerothermodynamics and Reacting Flows},
	Ty = {JOUR},
	Volume = {51},
	Year = {2013},
	Year1 = {2013},
	Bdsk-Url-1 = {http://dx.doi.org/10.2514/1.J052070},
	Bdsk-Url-2 = {http://dx.doi.org/10.1016/0045-7930(89)90012-1}}

@article{einstein1935particle,
  title={{The particle problem in the general theory of relativity}},
  author={Einstein, A. and Rosen, N.},
  journal={Physical Review},
  volume={48},
  number={1},
  pages={73--77},
  year={1935},
  publisher={APS}
}

@book{golub1996matrix,
  title={{Matrix computations}},
  author={Golub, G.H. and Van Loan, C.F.},
  year={1996},
  publisher={Johns Hopkins Univ Pr}
}

@article{larsen1974asymptotic,
  title={{Asymptotic solution of neutron transport problems for small mean free paths}},
  author={Larsen, E.W. and Keller, J.B.},
  journal={Journal of Mathematical Physics},
  volume={15},
  pages={75},
  year={1974}
}
